@article{mairal2010online,
  title={Online learning for matrix factorization and sparse coding},
  author={Mairal, Julien and Bach, Francis and Ponce, Jean and Sapiro, Guillermo},
  journal={Journal of Machine Learning Research},
  volume={11},
  number={Jan},
  pages={19--60},
  year={2010}
}

@article{scikit-learn,
 title={Scikit-learn: Machine Learning in {P}ython},
 author={Pedregosa, F. and Varoquaux, G. and Gramfort, A. and Michel, V.
         and Thirion, B. and Grisel, O. and Blondel, M. and Prettenhofer, P.
         and Weiss, R. and Dubourg, V. and Vanderplas, J. and Passos, A. and
         Cournapeau, D. and Brucher, M. and Perrot, M. and Duchesnay, E.},
 journal={Journal of Machine Learning Research},
 volume={12},
 pages={2825--2830},
 year={2011}
}

@inproceedings{mcfee2015librosa,
  title={librosa: Audio and music signal analysis in python},
  author={McFee, Brian and Raffel, Colin and Liang, Dawen and Ellis, Daniel PW and McVicar, Matt and Battenberg, Eric and Nieto, Oriol},
  booktitle={Proceedings of the 14th python in science conference},
  pages={18--25},
  year={2015}
}

@inproceedings{valentini2016speech,
  title={Speech Enhancement for a Noise-Robust Text-to-Speech Synthesis System Using Deep Recurrent Neural Networks.},
  author={Valentini-Botinhao, Cassia and Wang, Xin and Takaki, Shinji and Yamagishi, Junichi},
  booktitle={Interspeech},
  pages={352--356},
  year={2016}
}

@article{valentini2017noisy,
  title={Noisy speech database for training speech enhancement algorithms and TTS models},
  author={Valentini-Botinhao, Cassia and others},
  year={2017},
  publisher={University of Edinburgh. School of Informatics. Centre for Speech Technology Research (CSTR)}
}

@article{upadhyay2015speech,
  title={Speech enhancement using spectral subtraction-type algorithms: A comparison and simulation study},
  author={Upadhyay, Navneet and Karmakar, Abhijit},
  journal={Procedia Computer Science},
  volume={54},
  pages={574--584},
  year={2015},
  publisher={Elsevier}
}

@inproceedings{rethage2018wavenet,
  title={A wavenet for speech denoising},
  author={Rethage, Dario and Pons, Jordi and Serra, Xavier},
  booktitle={2018 IEEE International Conference on Acoustics, Speech and Signal Processing (ICASSP)},
  pages={5069--5073},
  year={2018},
  organization={IEEE}
}
